<?xml version="1.0" encoding="UTF-8"?><collection xmlns="http://www.loc.gov/MARC21/slim"><record><leader>00529nam--2200181-i-4500</leader><controlfield tag="001">000016332</controlfield><controlfield tag="002">20161230</controlfield><controlfield tag="005">20161230201031</controlfield><controlfield tag="008">060222s1000------------r-----000-0-fre-d</controlfield><datafield ind1=" " ind2=" " tag="040"><subfield code="a">IFIN-HH</subfield></datafield><datafield ind1=" " ind2=" " tag="041"><subfield code="a">fre</subfield></datafield><datafield ind1=" " ind2=" " tag="080"><subfield code="a">539.12.01(043)</subfield></datafield><datafield ind1="1" ind2=" " tag="100"><subfield code="a">Clement, Gerard</subfield></datafield><datafield ind1="1" ind2="0" tag="245"><subfield code="a">Quelques problemes de physique des particules elementaires et de theorie quantique des champs</subfield><subfield code="b">These</subfield><subfield code="c">Gerard clement</subfield></datafield><datafield ind1=" " ind2=" " tag="260"><subfield code="a">Paris</subfield><subfield code="b">Faculte Des Sciences</subfield><subfield code="c">1974</subfield></datafield><datafield ind1=" " ind2=" " tag="300"><subfield code="a">191 P</subfield></datafield><datafield ind1=" " ind2=" " tag="852"><subfield code="a">78058</subfield><subfield code="c">539.12</subfield></datafield><datafield ind1=" " ind2=" " tag="CAT"><subfield code="a">Sys</subfield><subfield code="c">20120120</subfield><subfield code="h">125151</subfield></datafield></record></collection>